@book{dumas2005process,
  title={Process-aware information systems: bridging people and software through process technology},
  author={Dumas, Marlon and Van der Aalst, Wil M and Ter Hofstede, Arthur H},
  year={2005},
  publisher={John Wiley \& Sons}
}
@article{van1998application,
  title={The application of Petri nets to workflow management},
  author={Van der Aalst, Wil MP},
  journal={Journal of circuits, systems, and computers},
  volume={8},
  number={01},
  pages={21--66},
  year={1998},
  publisher={World Scientific}
}
@article{esparza2002improvement,
  title={An improvement of McMillan's unfolding algorithm},
  author={Esparza, Javier and R{\"o}mer, Stefan and Vogler, Walter},
  journal={Formal Methods in System Design},
  volume={20},
  number={3},
  pages={285--310},
  year={2002},
  publisher={Springer}
}
@article{jin2014computing,
  title={Computing Refined Ordering Relations with Uncertainty for Acyclic Process Models},
  author={Jin, Tao and Wang, Jianmin and Wen, Lijie and Zou, Gen},
  journal={Services Computing, IEEE Transactions on},
  volume={7},
  number={3},
  pages={415--426},
  year={2014},
  publisher={IEEE}
}
@article{la2011apromore,
  title={APROMORE: An advanced process model repository},
  author={La Rosa, Marcello and Reijers, Hajo A and Van Der Aalst, Wil MP and Dijkman, Remco M and Mendling, Jan and Dumas, Marlon and Garc{\'\i}A-Ba{\~n}Uelos, Luciano},
  journal={Expert Systems with Applications},
  volume={38},
  number={6},
  pages={7029--7040},
  year={2011},
  publisher={Elsevier}
}
@article{petri1962kommunikation,
  title={Kommunikation mit automaten},
  author={Petri, Carl Adam},
  year={1962}
}
@article{van2004workflow,
  title={Workflow mining: Discovering process models from event logs},
  author={Van der Aalst, Wil and Weijters, Ton and Maruster, Laura},
  journal={Knowledge and Data Engineering, IEEE Transactions on},
  volume={16},
  number={9},
  pages={1128--1142},
  year={2004},
  publisher={IEEE}
}
@book{desel2005free,
  title={Free choice Petri nets},
  author={Desel, Jorg and Esparza, Javier},
  volume={40},
  year={2005},
  publisher={Cambridge university press}
}
@article{murata1989petri,
  title={Petri nets: Properties, analysis and applications},
  author={Murata, Tadao},
  journal={Proceedings of the IEEE},
  volume={77},
  number={4},
  pages={541--580},
  year={1989},
  publisher={IEEE}
}
@book{reisig1998lectures,
  title={Lectures on petri nets i: basic models: advances in petri nets},
  author={Reisig, Wolfgang and Rozenberg, Grzegorz},
  year={1998},
  publisher={Springer Science \& Business Media}
}
@misc{袁祟义2005petri,
  title={Petri 网原理与应用},
  author={袁祟义},
  year={2005},
  publisher={北京: 电子工业出版社}
}